% This file was created with JabRef 2.10.
% Encoding: UTF-8


@Article{deal.ii-9.0,
  Title                    = {The \texttt{deal.II} Library, Version 9.0},
  Author                   = {G. Alzetta and D. Arndt and W. Bangerth and V. Boddu and
 B. Brands and D. Davydov and R. Gassmoeller and T. Heister and
 L. Heltai and K. Kormann and M. Kronbichler and M. Maier and
 J.-P. Pelteret and B. Turcksin and D. Wells},
  Journal                  = {Journal of Numerical Mathematics},
  Year                     = {2018, accepted}
}

@InBook{Ansorge2017,
  Title                    = {Discretization},
  Author                   = {Ansorge, Cedrick},
  Pages                    = {29--48},
  Publisher                = {Springer International Publishing},
  Year                     = {2017},

  Booktitle                = {Analyses of Turbulence in the Neutrally and Stably Stratified Planetary Boundary Layer},
  Doi                      = {10.1007/978-3-319-45044-5_3}
}

@Article{Ascher1995,
  Title                    = {Implicit-Explicit Methods for Time-Dependent Partial Differential Equations},
  Author                   = {Ascher, U. and Ruuth, S. and Wetton, B.},
  Journal                  = {SIAM Journal on Numerical Analysis},
  Year                     = {1995},
  Number                   = {3},
  Pages                    = {797--823},
  Volume                   = {32},

  Doi                      = {10.1137/0732037}
}

@Article{Ascher1997,
  Title                    = {Implicit-explicit Runge-Kutta methods for time-dependent partial differential equations},
  Author                   = {Uri M. Ascher and Steven J. Ruuth and Raymond J. Spiteri},
  Journal                  = {Applied Numerical Mathematics},
  Year                     = {1997},
  Number                   = {2},
  Pages                    = {151--167},
  Volume                   = {25}
}

@TechReport{PETSc,
  Title                    = {{PETS}c Users Manual},
  Author                   = {Satish Balay and Shrirang Abhyankar and Mark~F. Adams and Jed Brown and Peter Brune and Kris Buschelman and Lisandro Dalcin and Alp Dener and Victor Eijkhout and William~D. Gropp and Dinesh Kaushik and Matthew~G. Knepley and Dave~A. May and Lois Curfman McInnes and Richard Tran Mills and Todd Munson and Karl Rupp and Patrick Sanan and Barry~F. Smith and Stefano Zampini and Hong Zhang and Hong Zhang},
  Institution              = {Argonne National Laboratory},
  Year                     = {2018},
  Number                   = {ANL-95/11 - Revision 3.10},

  Url                      = {http://www.mcs.anl.gov/petsc}
}

@Article{Benzi2005,
  Title                    = {Numerical solution of saddle point problems},
  Author                   = {Benzi, Michele and Golub, Gene H. and Liesen, JÃ¶rg},
  Journal                  = {Acta Numerica},
  Year                     = {2005},
  Pages                    = {1--137},
  Volume                   = {14},

  Doi                      = {10.1017/S0962492904000212},
  Publisher                = {Cambridge University Press}
}

@Article{Bramble1997,
  Title                    = {Iterative techniques for time dependent Stokes problems},
  Author                   = {J.H. Bramble and J.E. Pasciak},
  Journal                  = {Computers \& Mathematics with Applications},
  Year                     = {1997},
  Number                   = {1},
  Pages                    = {13--30},
  Volume                   = {33},

  Doi                      = {10.1016/S0898-1221(96)00216-7}
}

@Article{Cahouet1988,
  Title                    = {Some fast 3D finite element solvers for the generalized Stokes problem},
  Author                   = {Cahouet, J. and Chabard, J.-P.},
  Journal                  = {International Journal for Numerical Methods in Fluids},
  Year                     = {1988},
  Number                   = {8},
  Pages                    = {869--895},
  Volume                   = {8},

  Doi                      = {10.1002/fld.1650080802}
}

@Article{Christensen2001,
  Title                    = {A numerical dynamo benchmark},
  Author                   = {U.R. Christensen and J. Aubert and P. Cardin and E. Dormy and S. Gibbons and G.A. Glatzmaier and E. Grote and Y. Honkura and C. Jones and M. Kono and M. Matsushima and A. Sakuraba and F. Takahashi and A. Tilgner and J. Wicht and K. Zhang},
  Journal                  = {Physics of the Earth and Planetary Interiors},
  Year                     = {2001},
  Number                   = {1},
  Pages                    = {25--34},
  Volume                   = {128},

  Doi                      = {10.1016/S0031-9201(01)00275-8}
}

@Article{Colomes2015,
  Title                    = {Segregated Runge-Kutta methods for the incompressible Navier-Stokes equations},
  Author                   = {Colom\'es, Oriol and Badia, Santiago},
  Journal                  = {International Journal for Numerical Methods in Engineering},
  Year                     = {2015},
  Number                   = {5},
  Pages                    = {372-400},
  Volume                   = {105},

  Doi                      = {10.1002/nme.4987}
}

@Book{Elman2014,
  Title                    = {Finite elements and fast iterative solvers: with applications in incompressible fluid dynamics.},
  Author                   = {Elman, Howard C. and Silvester, David J. and Wathen, Andrew J.},
  Publisher                = {Oxford University Press},
  Year                     = {2014},
  Series                   = {Numerical mathematics and scientific computation},

  Location                 = {Oxford}
}

@Article{Guermond2006,
  Title                    = {An overview of projection methods for incompressible flows},
  Author                   = {J.L. Guermond and P. Minev and Jie Shen},
  Journal                  = {Computer Methods in Applied Mechanics and Engineering},
  Year                     = {2006},
  Number                   = {44},
  Pages                    = {6011--6045},
  Volume                   = {195},

  Doi                      = {10.1016/j.cma.2005.10.010}
}

@Article{Trilinos,
  Title                    = {An overview of the Trilinos project},
  Author                   = {Michael A. Heroux and Roscoe A. Bartlett and Vicki E. Howle and Robert J. Hoekstra and Jonathan J. Hu and Tamara G. Kolda and Richard B. Lehoucq and Kevin R. Long and Roger P. Pawlowski and Eric T. Phipps and Andrew G. Salinger and Heidi K. Thornquist and Ray S. Tuminaro and James M. Willenbring and Alan Williams and Kendall S. Stanley},
  Journal                  = {ACM Trans. Math. Softw.},
  Year                     = {2005},
  Number                   = {3},
  Pages                    = {397--423},
  Volume                   = {31},

  Address                  = {New York, NY, USA},
  Doi                      = {10.1145/1089014.1089021},
  ISSN                     = {0098-3500},
  Publisher                = {ACM Press}
}

@Article{Hindmarsh2005,
  Title                    = {{SUNDIALS}: Suite of nonlinear and differential/algebraic equation solvers},
  Author                   = {Hindmarsh, Alan C and Brown, Peter N and Grant, Keith E and Lee, Steven L and Serban, Radu and Shumaker, Dan E and Woodward, Carol S},
  Journal                  = {ACM Transactions on Mathematical Software (TOMS)},
  Year                     = {2005},
  Number                   = {3},
  Pages                    = {363--396},
  Volume                   = {31}
}

@Article{Jackson2014,
  Title                    = {A spherical shell numerical dynamo benchmark with pseudo-vacuum magnetic boundary conditions},
  Author                   = {Jackson, A. and Sheyko, A. and Marti, P. and Tilgner, A. and C\'ebron, D. and Vantieghem, S. and Simitev, R. and Busse, F. and Zhan, X. and Schubert, G. and Takehiro, S. and Sasaki, Y. and Hayashi, Y.-Y. and Ribeiro, A. and Nore, C. and Guermond, J.-L.},
  Journal                  = {Geophys. J. Int.},
  Year                     = {2014},
  Number                   = {2},
  Pages                    = {712--723},
  Volume                   = {196},

  Doi                      = {10.1093/gji/ggt425},
  Owner                    = {sg},
  Timestamp                = {2019.05.03}
}

@Article{Kennedy2003,
  Title                    = {Additive Runge-Kutta schemes for convection-diffusion-reaction equations},
  Author                   = {Kennedy, Christopher A. and Carpenter, Mark H.},
  Journal                  = {Applied Numerical Mathematics},
  Year                     = {2003},
  Number                   = {1--2},
  Pages                    = {139--181},
  Volume                   = {44}
}

@InProceedings{Lemster2010,
  Title                    = {A MHD Problem on Unbounded Domains: Coupling of FEM and BEM},
  Author                   = {Lemster, Wiebke and Lube, Gert},
  Booktitle                = {Numerical Mathematics and Advanced Applications 2009},
  Year                     = {2010},

  Address                  = {Berlin, Heidelberg},
  Editor                   = {Kreiss, Gunilla and L{\"o}tstedt, Per and M{\aa}lqvist, Axel and Neytcheva, Maya},
  Pages                    = {589--597},
  Publisher                = {Springer Berlin Heidelberg}
}

@Article{Lemster2014,
  Title                    = {Analysis of a kinematic dynamo model with FEM-BEM coupling},
  Author                   = {Lemster, W. and Lube, G. and Of, G. and Steinbach, O.},
  Journal                  = {Mathematical Methods in the Applied Sciences},
  Year                     = {2014},
  Number                   = {16},
  Pages                    = {2484--2501},
  Volume                   = {37},

  Doi                      = {10.1002/mma.2991}
}

@Article{Mardal2004,
  Title                    = {Uniform preconditioners for the time dependent Stokes problem},
  Author                   = {Mardal, Kent-Andre and Winther, Ragnar},
  Journal                  = {Numerische Mathematik},
  Year                     = {2004},
  Number                   = {2},
  Pages                    = {305--327},
  Volume                   = {98},

  Doi                      = {10.1007/s00211-004-0529-6}
}

@Article{Matsui2016,
  Title                    = {Performance benchmarks for a next generation numerical dynamo model},
  Author                   = {Matsui, Hiroaki and Heien, Eric and Aubert, Julien and Aurnou, Jonathan M. and Avery, Margaret and Brown, Ben and Buffett, Bruce A. and Busse, Friedrich and Christensen, Ulrich R. and Davies, Christopher J. and Featherstone, Nicholas and Gastine, Thomas and Glatzmaier, Gary A. and Gubbins, David and Guermond, Jean-Luc and Hayashi, Yoshi-Yuki and Hollerbach, Rainer and Hwang, Lorraine J. and Jackson, Andrew and Jones, Chris A. and Jiang, Weiyuan and Kellogg, Louise H. and Kuang, Weijia and Landeau, Maylis and Marti, Philippe and Olson, Peter and Ribeiro, Adolfo and Sasaki, Youhei and Schaeffer, Nathana\''el and Simitev, Radostin D. and Sheyko, Andrey and Silva, Luis and Stanley, Sabine and Takahashi, Futoshi and Takehiro, Shin-ichi and Wicht, Johannes and Willis, Ashley P.},
  Journal                  = {Geochemistry, Geophysics, Geosystems},
  Year                     = {2016},
  Number                   = {5},
  Pages                    = {1586--1607},
  Volume                   = {17},

  Doi                      = {10.1002/2015GC006159}
}

@Book{Monk2003,
  Title                    = {Finite Element Methods for Maxwell's Equations},
  Author                   = {Monk, Peter},
  Publisher                = {Clarendon Press},
  Year                     = {2003},

  Address                  = {Oxford},
  Edition                  = {1},

  Owner                    = {sg},
  Timestamp                = {2018.11.09}
}

@Article{Nikitin2005,
  Title                    = {Third-order-accurate semi-implicit Runge-Kutta scheme for incompressible Navier-Stokes equations},
  Author                   = {Nikitin, Nikolay},
  Journal                  = {International Journal for Numerical Methods in Fluids},
  Year                     = {2005},
  Number                   = {2},
  Pages                    = {221--233},
  Volume                   = {51},

  Doi                      = {10.1002/fld.1122}
}

@InCollection{Olson2015,
  Title                    = {8.01 -- Core Dynamics: An Introduction and Overview },
  Author                   = {P. Olson},
  Booktitle                = {Treatise on Geophysics (Second Edition) },
  Publisher                = {Elsevier},
  Year                     = {2015},

  Address                  = {Oxford},
  Edition                  = {2},
  Editor                   = {Schubert, Gerald },
  Pages                    = {1 - 25},

  Doi                      = {10.1016/B978-0-444-53802-4.00137-8}
}

@Article{Wang2008,
  Title                    = {Variable step-size implicit-explicit linear multistep methods for time-dependent partial differential equations},
  Author                   = {Dong Wang and Steven J. Ruuth},
  Journal                  = {Journal of Computational Mathematics},
  Year                     = {2008},
  Number                   = {6},
  Pages                    = {838--855},
  Volume                   = {26}
}

